3136 5280
180 743 182 747 .
257 664 325 756 oui
344 662 494 766 dignaris
512 687 623 756 raoarn
643 674 789 740 vestram
807 661 944 766 luminis
963 687 1048 740 aura

257 824 332 902 Jarn
350 821 441 902 ooelo
460 835 493 901 et
509 834 599 900 terra
616 822 815 925 gaudentem
836 823 981 903 invisere
998 820 1150 917 nobrem,

257 982 415 1065 Solamen
432 993 470 1059 tn
488 980 586 1060 duloe
603 993 751 1077 tuorum,
770 995 920 1089 tompore
938 980 1074 1062 vindest
1085 1043 1093 1059 .
1104 1043 1132 1060 ..

258 1143 348 1246 Ergo
365 1166 437 1245 age,
457 1139 516 1236 fili,
536 1153 628 1220 tanto
646 1154 742 1246 patre
760 1168 780 1220 o
795 1141 867 1245 jam
885 1140 972 1222 bene
989 1141 1101 1244 digne,

147 1275 150 1284 ’
259 1300 356 1383 Rabo
374 1299 459 1380 festo
477 1299 697 1406 planditoqne
715 1301 896 1380 adventurn
913 1299 1092 1402 genitoris,
1105 1361 1132 1378 ..
1182 1309 1184 1313 ’

260 1461 356 1554 Quae
373 1459 485 1539 morai
497 1522 505 1538 .
518 1521 544 1538 ..
564 1457 621 1540 sn
637 1458 780 1563 genitori
797 1457 954 1563 nunquid
972 1455 1062 1536 filius
1079 1458 1201 1538 audit?

261 1618 396 1700 Siooine
414 1633 463 1713 tn,
483 1618 542 1713 fili,
561 1631 693 1724 patrem
711 1617 850 1697 abnuisi
863 1679 870 1695 .
882 1679 910 1695 ..
930 1617 1032 1696 Haud
1050 1642 1111 1720 ego
1129 1617 1251 1712 miror;

217 1884 220 1889 .
262 1780 335 1859 Jarn
353 1778 527 1873 Canicula,
547 1778 654 1883 gloria
671 1778 774 1882 vulgi,
794 1777 926 1880 diffugit
943 1776 1049 1874 ultro;

262 1938 401 2019 Cerberi
420 1938 464 2017 ad
481 1947 655 2044 aspectum
673 1964 796 2044 pernas
817 1937 954 2017 mandat
972 1935 1208 2016 eeler'aeth'ri.

262 2257 333 2339 Cur
350 2258 523 2364 impostor,
540 2265 592 2352 tn,
611 2270 721 2337 ratem
739 2257 913 2352 simulans,
932 2256 1082 2351 ululasti,

263 2419 355 2497 Vooe
373 2429 496 2497 vocans
513 2419 562 2497 ita
577 2430 709 2524 patrem
726 2430 860 2524 tupern
878 2417 913 2496 in
932 2417 1083 2496 earmina
1100 2428 1222 2510 vestra,

263 2577 308 2658 Ut
325 2578 354 2656 si
373 2603 450 2657 vere
469 2560 512 2657 ad
531 2601 666 2656 oarrnen
685 2589 787 2655 staret
804 2602 946 2680 magnus
963 2575 1104 2681 Apollo:

270 2740 389 2819 «Musa
407 2763 540 2832 eanum,
561 2749 648 2815 etto
667 2734 780 2815 custos
798 2735 878 2830 oroi,
898 2735 1044 2816 Cerbere
1062 2732 1241 2839 magneti»

263 2898 406 3002 Jamque
423 2895 553 2974 solutus
572 2921 648 2974 sum
666 2895 702 2973 in
720 2895 838 2989 risum,
858 2920 965 2999 quum
982 2894 1062 2973 talia
1078 2893 1156 2998 legi.

263 3054 427 3136 Mirilious
446 3067 534 3133 oerte
550 3054 614 3133 tibi
632 3067 746 3134 tantus
765 3054 919 3158 oongruit
936 3080 1060 3157 augur.
1071 3114 1099 3132 ..

266 3215 409 3309 Quando
428 3213 517 3317 genti
536 3212 626 3293 dulei
644 3226 717 3292 turn
735 3213 819 3291 haee
837 3212 928 3291 bona
945 3214 1086 3292 numina
1104 3211 1289 3319 quadranti

264 3375 333 3457 Sed
351 3387 517 3480 quantum
535 3373 580 3452 ad
597 3372 764 3452 feritatem
782 3399 844 3452 neo
862 3373 1005 3452 rerburn
1022 3373 1204 3470 latravisti;

264 3535 308 3613 Et
324 3547 404 3612 tuae
421 3532 632 3640 hypocrisiae
650 3558 868 3639 nequaquam
886 3533 1125 3613 conveniebat:

265 3695 376 3776 Corde
393 3694 532 3773 effeetus
550 3719 697 3799 namque
716 3692 834 3772 oiendo
854 3693 939 3773 retia
955 3693 1052 3772 vitas.

191 3860 200 3883 ‘
266 3856 341 3933 Jarn
358 3855 485 3935 larvarn
503 3855 567 3934 tibi
585 3879 721 3957 rasgare
739 3879 848 3958 aequo
866 3878 958 3932 nuno
975 3853 1088 3932 animo
1106 3853 1158 3932 ins
1192 3865 1217 3933 t.

266 4176 435 4257 Cerberus
452 4176 547 4281 Epiri
566 4201 668 4279 regno
687 4176 767 4255 olim
785 4174 908 4255 dieitur
927 4188 1031 4268 ortus,
