3136 5280
733 498 786 511 ..
799 451 847 531 18
857 498 909 512 .-

294 631 403 711 Prehl
423 631 533 738 pudor
551 629 729 725 auriferae,
747 629 933 710 Berralhae
949 656 1107 736 rumpere
1126 631 1245 713 Gatae.

296 791 407 872 Gallas
425 806 459 871 et
475 793 643 886 time0‚,et
660 817 847 870 cancamum
865 792 1023 872 eruribus
1042 793 1119 872 altis

161 940 165 948 ’
294 952 461 1035 Saltautes
478 953 647 1046 horresce,
667 964 847 1057 astuteque
864 952 995 1030 lumina
1011 977 1141 1031 earum.
1168 940 1170 944 ’

293 1115 367 1196 Nes
385 1141 446 1194 eur
463 1139 533 1192 nou
550 1112 716 1207 delendis,
734 1111 850 1207 Palea,
869 1113 1003 1192 vindice
1020 1113 1180 1220 plumall

294 1275 349 1355 Ad
367 1301 515 1378 guanum
535 1274 649 1352 hostes
668 1273 728 1378 qui
746 1299 837 1352 nune
855 1275 969 1352 emnia
986 1286 1117 1353 vertere
1133 1288 1250 1353 nostra

294 1436 502 1517 Perteudunt
519 1436 607 1529 irati,
624 1434 695 1538 jam
713 1433 777 1513 tibi
795 1446 875 1514 suut
893 1435 1032 1513 inimici.

292 1597 332 1676 lu
349 1597 470 1703 primis
487 1594 643 1674 Almeida
659 1594 866 1690 Ludtvieua
885 1594 975 1673 alma
992 1595 1112 1689 ferina,

293 1757 358 1838 Cui
375 1771 475 1836 natae
493 1769 571 1836 sunt
589 1756 764 1862 pulchrae,
784 1758 839 1836 eui
859 1771 938 1837 sunt
956 1757 1067 1863 figada
1084 1759 1201 1838 brava.

292 1920 418 1998 Ferrea
434 1918 493 1998 sed
512 1904 711 2023 praesertim
729 1942 897 2024 saevaque
914 1918 1028 1998 bellua
1045 1919 1171 2026 loseph

293 2081 437 2160 Jesuitas
455 2078 515 2185 qui
533 2091 566 2158 et
584 2105 646 2158 nes
664 2078 751 2159 Oreo
770 2091 908 2158 mettere
926 2078 1032 2158 lunda

293 2241 455 2321 Ruminat
473 2240 541 2319 ime
558 2251 705 2346 pectere,
724 2253 822 2318 uerte
839 2239 963 2344 dieque
982 2245 1154 2320 setumus.

293 2402 366 2482 Jam
386 2426 586 2505 massasque
603 2412 699 2478 uates
717 2426 757 2479 ae
775 2413 869 2503 terga
885 2399 1058 2506 leporibus
1076 2400 1177 2480 ambe

293 2564 337 2642 Et
354 2564 463 2666 latego
482 2587 657 2642 versorum
675 2562 774 2656 elato,
793 2560 906 2655 Palea,
926 2562 1042 2641 tunde.

293 2883 437 2963 Parcere
453 2907 545 2962 nune
563 2881 722 2976 obtestor,
742 2882 839 2962 docte
856 2881 1031 2976 Cunicule,
1051 2882 1187 2980 metris;

294 3047 334 3124 In
350 3071 453 3151 presa
469 3044 544 3138 tibi,
564 3069 739 3122 musarum
757 3044 804 3121 mi
822 3044 960 3122 nemina
977 3056 1094 3122 uestra
1205 3070 1208 3078 ¹

293 3204 432 3283 Auxilia
450 3203 580 3283 lieitum
598 3202 661 3281 luit
678 3203 747 3281 alta
764 3203 808 3283 ad
826 3203 937 3282 sidera
954 3202 1051 3283 ferre.

293 3365 418 3445 Audax
436 3364 634 3468 invisusque
651 3363 729 3443 lieet
746 3390 808 3444 uos
826 3363 978 3442 mordeat
995 3375 1068 3442 atro

294 3526 409 3605 Zoilus
427 3539 528 3632 atque
547 3524 656 3605 ferens
675 3523 779 3604 infixe
798 3525 897 3605 deute
914 3551 1090 3619 venenum,

295 3687 464 3766 Iustitiam
481 3686 692 3793 praebebunt
709 3699 844 3794 postera
862 3686 975 3767 secula
992 3685 1101 3765 uehis.

841 3953 973 4033 Tuouaz
993 3981 1033 4033 uu
1051 3951 1238 4034 Caavauuo.
