3136 5280
636 484 811 564 ..29-

193 659 305 768 Radix
323 659 413 739 unde
432 660 581 740 eanaliae
599 662 643 740 ad
662 681 761 742 aures
779 687 911 741 eorrere
928 665 1066 768 posset?

193 821 272 902 Sive
290 822 417 927 priores
434 822 538 901 nostri
557 822 725 927 abjectum
743 823 927 929 impingere
944 823 1068 928 vellent

158 1011 162 1032 r
193 979 323 1083 Stigma
342 980 379 1059 in
398 1006 602 1087 quemquem
622 1008 659 1061 se
679 980 766 1060 male
786 982 937 1061 moribus
960 982 1048 1061 ultro
1066 995 1246 1087 gerentem,

193 1137 283 1220 Solis
301 1137 396 1216 vohis
415 1139 484 1218 sive
501 1139 640 1245 palavra
657 1141 792 1219 inventa
810 1140 947 1234 veniret,
995 1226 1002 1237 ‚

194 1295 331 1377 Certum
348 1309 399 1376 est
417 1296 509 1376 illam
526 1312 624 1401 gente
642 1325 661 1379 e
678 1312 789 1378 vestra
806 1299 929 1379 dooere
947 1299 1107 1379 sormam:

180 1456 308 1568 ¹Verbo
326 1456 393 1535 alia
410 1457 539 1562 adjeoto
557 1458 703 1563 primurn
721 1458 824 1538 verbo
843 1460 946 1553 oaniS,
967 1472 1058 1579 extat

194 1617 269 1696 Jam
287 1618 445 1697 oanisalia
465 1617 561 1726 (num
580 1619 690 1697 dioam
708 1620 801 1698 oanis
818 1620 984 1699 -altera
1001 1646 1116 1725 prava,

195 1775 369 1882 Completo
388 1777 525 1886 sensu);
545 1791 647 1882 atque
665 1779 795 1858 canalia
812 1806 959 1887 syncope
977 1779 1083 1875 faota;

195 1934 372 2016 Caeterum
389 1937 511 2017 iberiae
529 1964 619 2017 none
637 1939 829 2033 modulata
840 1938 945 2020 reddo
965 1940 1118 2024 oanalha.
1217 1948 1219 1952 ’

194 2255 344 2335 Tandem
363 2269 395 2335 et
413 2256 505 2362 apud
523 2257 618 2337 divos
636 2284 723 2363 quae
740 2284 761 2337 a
779 2257 875 2338 vobis
893 2258 1032 2339 sordida
1049 2258 1160 2363 gestat

200 2416 330 2498 «Canes
348 2417 474 2521 legatos
492 2419 572 2498 olim
589 2420 710 2500 misere
728 2420 772 2500 ad
786 2421 911 2525 jovem,

201 2531 265 2656 «Ut
282 2601 356 2655 sese
373 2575 537 2681 eriperent
554 2578 729 2658 hominum
748 2579 968 2658 oontomeliis.

193 2735 324 2816 inrisus
339 2736 410 2841 jam
427 2749 577 2843 tempore
595 2737 631 2815 in
648 2738 705 2817 illo
723 2750 772 2832 tu,
792 2738 991 2818 oanis‘ateri

193 2899 292 2979 Dueti
310 2913 389 2979 sunt
406 2927 427 2978 a
444 2900 609 2979 Mercurio
628 2900 692 2980 oito
711 2899 837 3004 regiam
854 2900 890 2978 in
908 2901 1031 2979 aulam.

200 3059 305 3138 «Tum
323 3085 401 3138 vero
419 3059 548 3139 inritum
565 3060 679 3164 magni
696 3072 734 3138 ot
751 3060 906 3140 viderunt
924 3060 1025 3155 Iovio,

200 3219 338 3298 «Totam
356 3219 510 3298 timentes
528 3244 748 3299 ooneaoarom
766 3218 910 3324 regiam!

200 3381 373 3488 «Propulsi
392 3408 471 3461 vero
490 3381 634 3462 fustibus
653 3382 781 3463 radunt
799 3381 900 3461 foras.

192 3702 322 3781 Bomos
340 3702 439 3805 legati
457 3702 632 3780 mittuntur
649 3726 761 3804 regern
780 3701 823 3779 ad
842 3700 988 3807 Olympi,

193 3861 345 3954 Quorum
362 3874 443 3941 tono
460 3888 543 3941 anos
561 3861 675 3941 moltis
694 3873 726 3940 et
744 3862 903 3941 odoribus
921 3862 1072 3968 implent,

192 4020 247 4112 Ut,
266 4045 347 4099 num
366 4045 447 4126 prae
466 4034 560 4101 sustu
579 4021 706 4126 crepitu
723 4021 847 4100 ventris
865 4048 902 4100 se
920 4021 990 4099 hiat
1008 4046 1095 4099 anos

192 4179 296 4258 Recta
314 4180 438 4259 sanetis
456 4181 606 4274 naribos,
626 4206 743 4260 auram
761 4180 901 4259 numina
918 4168 1094 4285 plaudant.
