3136 5280
736 422 911 502 ..22-

295 602 457 697 Rodehis,
476 601 581 681 rabus
599 625 808 706 quanquam,
828 612 861 678 et
878 611 938 678 tua
955 598 1071 701 lingua
1087 597 1213 694 lident;

295 764 362 844 Olli
380 775 413 843 et
431 763 642 870 hypocrisiae
660 760 802 840 manhas
821 759 1028 840 abscondere
1045 784 1113 839 non
1132 759 1224 865 quis,

206 908 210 916 ”
295 922 420 1002 Omnes
438 947 545 1026 quum
563 922 630 1001 sint
646 933 744 1024 gente
762 910 885 1000 eanum
900 918 1059 998 mirabile
1075 920 1157 1015 noti,

293 1080 338 1159 m
356 1080 426 1158 nati
445 1092 613 1172 natorum,
634 1091 666 1157 et
685 1079 745 1185 qui
763 1091 945 1158 nascentur
963 1077 1007 1157 ab
1027 1077 1110 1158 illisl

294 1239 346 1318 Tu
362 1251 440 1346 pete
454 1237 525 1345 jam
543 1264 565 1317 a
583 1239 760 1333 monturis,
780 1237 879 1318 fossis
896 1237 993 1319 urbis
1010 1236 1143 1346 Ulyssei

294 1398 393 1492 Ossa,
413 1409 472 1476 aut
490 1422 512 1474 a
528 1397 661 1502 tesquis
679 1395 866 1502 subrepens
884 1396 1023 1477 sordida
1041 1397 1178 1477 mensis.

145 1759 147 1770 ·
293 1714 416 1796 Nonne
433 1714 571 1795 Sinonis
589 1726 727 1820 propter
744 1714 846 1795 trioas
864 1713 949 1794 llion
967 1715 1075 1795 arsitl

294 1875 459 1980 Quisque,
476 1871 583 1954 Sinon
600 1886 638 1953 tu
656 1900 760 1981 prave
776 1901 910 1968 eanum,
927 1874 1019 1954 haud
1037 1888 1097 1954 tua
1112 1876 1243 1956 noverit
1261 1886 1352 1975 aetat
1419 1849 1422 1853 .

292 2034 359 2113 lret
378 2035 413 2112 in
431 2033 584 2128 insidias,
605 2045 731 2113 starent
749 2047 782 2113 et
800 2060 899 2113 orura
916 2032 1052 2141 perielo.

292 2193 373 2287 Sed,
393 2218 479 2299 quas
499 2192 535 2271 in
553 2192 751 2271 lolhetinum
770 2192 894 2271 emittis
911 2207 1046 2300 pectore
1064 2195 1159 2292 falso,
1239 2227 1245 2238 ·

292 2353 446 2434 Naeuiae
464 2351 663 2431 adinventae
682 2376 739 2429 eor
756 2363 910 2431 nostrum
927 2353 1020 2431 nulla
1037 2368 1229 2452 moverunt;

293 2512 407 2605 Quare
424 2512 539 2591 videre
558 2524 618 2606 est,
639 2537 727 2617 quae
745 2538 836 2591 nuno
854 2512 980 2608 dixisti,
1000 2513 1186 2611 maledicte,
1332 2574 1337 2583 -

294 2672 575 2778 Quibuscumque
592 2670 733 2777 galhofis
752 2672 881 2752 audens
899 2670 970 2753 fare
987 2672 1127 2753 Latino:

300 2832 454 2911 «Festive
473 2833 685 2937 caudamque
703 2846 873 2939 caputque
891 2833 1047 2913 extollere
1066 2847 1167 2913 oantu

300 2990 507 3070 «Possumus
525 3002 558 3068 et
576 3015 677 3069 eursu
695 2991 895 3094 vagabundo
914 3017 1026 3071 errare
1043 3019 1104 3099 per
1122 2992 1275 3089 urbem»

293 3147 522 3229 Insidioris‘ut
540 3149 711 3228 viventum
730 3150 863 3254 cuique,
883 3149 1004 3255 patilel

295 3306 399 3386 Heml
420 3333 500 3403 rapa
517 3333 536 3388 e
553 3321 665 3388 vestra
682 3334 782 3389 nemo
799 3308 938 3389 meliora
954 3310 1127 3415 probavitl
1139 3375 1147 3391 .
1159 3374 1186 3392 ..

294 3465 345 3545 Ao
363 3466 465 3546 veluti
484 3467 561 3546 ilice
577 3467 695 3547 eornix
712 3468 824 3548 luctus
842 3469 957 3548 omina
973 3469 1080 3550 tristis

294 3625 431 3720 Indicis,
451 3625 654 3732 plaudisque
671 3627 742 3707 lero
761 3640 858 3707 coetu
875 3654 934 3708 ore
951 3629 1117 3733 malignol

294 3784 332 3866 Si
351 3787 483 3890 quoties
500 3787 618 3865 uivant
635 3788 738 3893 perri,
758 3814 821 3868 sua
838 3787 979 3868 fulmina
997 3791 1106 3870 mittat

294 3947 390 4025 Tune
408 3945 583 4026 hominum
601 3945 711 4043 Sator,
731 3948 897 4055 externplo
916 3964 1094 4057 appareret
1111 3952 1260 4050 inermia,
1309 3987 1313 3994 ·

295 4104 437 4209 Jamque
456 4105 554 4187 dares
568 4106 677 4212 justas
694 4136 821 4215 paenas
838 4121 887 4204 tu,
907 4111 1026 4215 vulgus
1044 4111 1177 4217 iniquel
