3136 5280
708 466 883 547 ..17-

264 644 389 723 Latum
406 669 479 737 raa,
498 644 662 748 navisque
680 645 817 750 vaporis
836 645 946 749 majus
965 646 1085 741 aheno,

264 803 447 909 Congeries
466 803 558 909 qnod
576 804 744 908 lignorum
763 805 831 883 alta
848 818 1076 912 temperatura

263 964 442 1044 Exardens
460 976 637 1043 conservat
655 989 760 1069 supra
778 965 868 1043 mille
887 965 1018 1045 diabos.

264 1122 421 1203 Caldeira
438 1123 496 1202 illa
514 1136 565 1203 est
583 1136 675 1203 certa
691 1124 770 1202 Peri
789 1123 919 1204 famosa
936 1125 1068 1204 Botelli.

263 1443 358 1521 'lunc
376 1441 524 1522 fervente
542 1439 579 1521 in
596 1447 687 1549 aqna
704 1444 842 1523 liventia
860 1469 1002 1549 corpora
1020 1458 1187 1547 mergunt,

263 1571 438 1707 Arljiciunt
456 1602 556 1682 acida
574 1601 744 1682 inflamato
763 1629 805 1682 ex
824 1603 965 1698 sulfure,
984 1618 1074 1683 terra

263 1761 435 1842 Vulcanos
452 1788 559 1869 prope
576 1777 685 1869 capta,
705 1776 738 1842 et
756 1763 918 1843 distillata
934 1790 995 1870 per
1014 1790 1073 1843 ora

263 1922 400 2002 Plumhi
418 1922 661 2002 alambicorum
678 1924 778 2027 longa
795 1924 831 2002 in
848 1923 1009 2029 plumbea
1027 1924 1121 2004 cclla.

264 2081 482 2189 Chlorydrica
500 2083 630 2162 addunt
647 2096 776 2189 postea,
795 2085 935 2177 azotice,
957 2084 1104 2189 denique
1122 2062 1267 2189 quantas

264 2242 388 2322 Faeces
405 2242 603 2348 Alchymica
621 2243 797 2322 immundo
816 2242 975 2323 diffundit
993 2244 1036 2324 ab
1056 2257 1164 2324 antro.

261 2401 403 2482 Merunt
419 2415 522 2507 atque
539 2415 727 2496 remearunt,
747 2403 850 2483 lumis
869 2405 1006 2484 aethera
1023 2405 1130 2484 toldat

262 2560 431 2668 Corrupto
447 2561 615 2642 exhalatio
634 2563 785 2657 sordens,
806 2588 955 2669 arvaque
974 2562 1126 2644 foedam.

261 2721 341 2801 lllac
357 2723 537 2802 Tartareae
555 2722 719 2815 volucrem
738 2722 949 2829 Stymphalia
967 2737 1130 2817 monstra,

262 2882 355 2975 Quas
373 2883 544 2961 maculant
560 2908 630 2962 non
647 2896 778 2961 tantum
796 2884 927 2996 ¹spirant
944 2884 1088 2990 turpiter
1107 2909 1221 2962 auras.

260 3041 317 3123 Sic
334 3043 547 3122 mixordibus
565 3043 630 3122 illis
648 3045 751 3122 tirant
770 3069 885 3122 crassa
902 3071 1025 3147 gnane.

244 3349 373 3456 Palea,
393 3365 452 3468 qui
472 3363 645 3468 quondam
662 3362 780 3466 gracili
798 3363 991 3443 modulatus
1009 3389 1116 3442 avena

260 3521 416 3617 Carmen,
436 3535 468 3602 et
486 3549 641 3628 egressos
659 3521 843 3602 Conimbra
860 3537 979 3629 postea
996 3523 1098 3628 paulo

258 3683 411 3762 Virtutes
427 3684 567 3778 Fabiae,
586 3682 834 3789 Gatimbalique
852 3683 973 3762 caballi

258 3843 389 3923 Blando
407 3844 519 3924 lusisti
537 3844 675 3924 modulo
692 3845 835 3950 risuque
853 3844 973 3923 soluto.

257 4003 303 4082 Ut
320 4004 433 4099 calloo,
453 4004 536 4083 diet
553 4018 586 4083 et
604 4030 692 4108 qnae
710 4017 743 4083 te
762 4006 930 4084 dementia
948 4005 1063 4110 cepitl

205 4255 207 4260 ¹
258 4163 332 4242 Jam
350 4165 412 4244 tibi
433 4164 483 4244 las
501 4178 551 4244 est
569 4164 703 4244 vincula
721 4165 834 4244 dulcia
853 4191 974 4271 nempe
993 4177 1127 4242 catenas

1176 4296 1196 4358 2
