3136 5280
732 503 784 516 ..
794 457 845 537 28
856 503 907 516 ..

294 637 414 718 Omnia
433 635 644 741 complebant
662 636 748 728 luca,
767 649 933 739 tectaque,
954 661 1021 740 que
1040 660 1136 739 mage
1155 635 1215 716 ees
1234 649 1304 717 tum

293 794 468 877 Cerdertes
486 794 532 873 ita
549 794 729 873 aeervatim
747 821 837 874 mers
855 794 1100 874 accumulabat.

293 954 416 1034 Omnia
433 952 578 1057 denique
595 964 710 1030 saneta
727 952 837 1032 Deum
855 951 997 1032 delubra
1014 953 1159 1059 replerat

294 1112 500 1219 Corporibus
518 1137 608 1192 murs
626 1113 800 1207 exanimis,
820 1126 1025 1219 onerataque
1043 1114 1172 1219 passim

294 1273 422 1354 Cuncta
441 1271 660 1352 cadaveribus
678 1271 868 1353 Caelestum
885 1272 1012 1378 templa
1029 1273 1232 1354 manebant:

293 1431 366 1511 Nee
383 1457 457 1511 mes
474 1431 531 1511 ille
547 1432 738 1538 sepulturae
756 1429 950 1510 remanebat
968 1430 1003 1509 in
1021 1431 1117 1526 urbe,

293 1593 338 1674 Ut
356 1591 449 1698 prius
465 1592 521 1672 hie
537 1592 684 1699 pupulus
702 1617 833 1697 semper
852 1604 1070 1671 consueverat
1087 1575 1241 1690 humari;

293 1750 512 1830 Perturbatus
530 1752 620 1830 enirn
637 1764 727 1830 tetus
745 1751 946 1857 trepidabat,
966 1765 999 1830 et
1016 1777 1104 1832 uuus

294 1909 445 2015 Quisque
463 1936 563 1989 suum
580 1937 641 2017 pru
659 1938 696 1991 re
714 1924 902 1990 consortem
920 1925 1068 1992 moestus
1086 1912 1291 1993 humabatl·

292 2066 418 2172 Anger,
438 2093 543 2173 quum
561 2069 735 2160 Lueretius
752 2070 836 2149 haee
853 2069 1009 2174 lugubria
1026 2084 1150 2166 narret,

294 2225 419 2306 Sideris
437 2226 571 2306 inlamis
588 2240 669 2306 tune
686 2227 816 2306 inlluxu
834 2254 854 2306 a
873 2255 955 2309 eane
973 2229 1085 2308 veetal

291 2383 360 2464 Ista
379 2384 421 2464 de
438 2410 521 2465 eane
537 2384 665 2491 ubique
682 2385 850 2489 flagellum
867 2413 968 2494 saepe
986 2388 1113 2468 homini
1131 2388 1261 2485 adstat;

294 2544 471 2651 Quodque,
491 2545 606 2626 infelix
624 2559 662 2625 tu
680 2545 761 2641 lara,
777 2545 848 2652 jam
866 2546 955 2642 uive,
971 2546 1111 2653 jamque
1128 2547 1252 2628 latratu

292 2704 460 2790 bridebas
477 2706 621 2786 multum
638 2707 789 2810 gaudens
807 2709 842 2786 in
860 2705 1007 2787 leritatel
1058 2774 1060 2781 .

291 3114 439 3209 Aediles,
458 3140 479 3194 u
496 3141 577 3219 gens
596 3114 683 3195 altae
700 3116 829 3196 Rornae
848 3130 932 3210 urta,
952 3117 1073 3212 venite,

292 3274 386 3356 Sicut
403 3287 436 3354 et
453 3274 529 3354 urbi
548 3275 720 3380 quendam
737 3275 901 3365 muribus,
922 3289 1024 3381 atque
1043 3277 1142 3356 saluti

292 3435 541 3530 Adveniebatis,
560 3448 672 3542 preste
686 3435 757 3540 jam
775 3434 919 3540 rumpite
937 3460 1066 3551 mpras3

292 3595 434 3675 Vindice
450 3595 528 3676 bele
547 3595 672 3701 eerjam
689 3595 788 3674 istam
808 3594 871 3673 eite
889 3583 1008 3673 mittite
1027 3595 1147 3690 aheno,

292 3757 396 3837 Faete
414 3781 535 3861 nempe
552 3781 674 3859 gnane,
694 3754 813 3835 saltem
831 3753 918 3832 ruris
937 3755 980 3833 ad
998 3781 1109 3834 usum.

292 4155 384 4238 Num
402 4183 445 4237 ne
463 4183 585 4264 sequar
602 4156 754 4238 mirabile
772 4156 917 4259 vulgus?
934 4155 967 4235 N
969 4155 1088 4235 eminis
1105 4154 1244 4261 inquam
