3136 5280
749 493 898 572 ...8.-

293 674 345 753 Ao
362 672 488 778 pressis
505 671 634 752 lethum
653 671 782 750 instans
799 671 943 776 prodere
961 669 1118 750 faucibus
1135 695 1252 775 aegro.

293 832 486 937 Municipes
504 833 635 926 vivant3
652 831 724 935 jam
740 831 897 910 libertate
914 856 1085 934 gosamus.

294 1151 463 1257 Tempora
479 1151 592 1256 prisea
609 1150 801 1244 recordans,
821 1149 921 1230 nobis
937 1175 1106 1256 saevaque
1122 1162 1271 1245 tantum,

295 1311 440 1406 Quando
458 1338 528 1392 non
544 1313 640 1392 licuit
657 1312 809 1417 plaeidos
826 1311 981 1391 habitare
998 1325 1149 1417 penates,

275 1472 501 1587 ‘Aedilesque
519 1471 634 1551 furore
651 1484 809 1578 premunt
828 1472 872 1550 ad
889 1472 974 1550 retia
990 1485 1134 1565 nostros,

295 1632 391 1713 Mens
410 1633 534 1736 agitata
552 1630 725 1711 doloribus
744 1632 854 1735 angit:
874 1631 1019 1735 frigidus
1037 1632 1157 1710 horror

295 1794 427 1873 Territa
445 1792 597 1872 membra
615 1793 725 1897 quatit
741 1817 837 1888 morr;
857 1793 982 1897 pendet
998 1793 1115 1895 lingua
1132 1792 1252 1887 bucca,

295 1953 409 2059 Atque
426 1953 574 2059 pilosum
591 1952 714 2033 rabum
733 1977 833 2033 crura
850 1954 1065 2033 recondimus
1084 1953 1182 2032 inter.

297 2273 393 2351 Talia
412 2274 491 2378 quis
509 2272 614 2352 fando
633 2299 655 2350 a
672 2272 831 2379 lacrymis
848 2298 884 2352 se
901 2271 1081 2378 temperet!
1100 2285 1208 2350 atram
1261 2238 1263 2242 V

295 2435 477 2539 imponunt
495 2433 637 2512 eanibus
655 2433 774 2536 legem,
793 2434 885 2511 omni
902 2446 1053 2538 tempore
1070 2432 1183 2525 vilem,

296 2594 341 2675 Ut
358 2619 487 2700 poenas
506 2594 562 2673 det
580 2593 745 2699 supplicio
764 2595 972 2699 quicumque
990 2591 1141 2698 sabujus

297 2754 364 2847 Qui
384 2754 468 2833 eollo
487 2779 578 2833 nuno
596 2754 764 2834 submisso
781 2779 850 2833 non
868 2753 991 2833 maelia
1008 2765 1125 2856 gestet,

295 2914 418 2993 Maelia
436 2938 496 2993 seu
513 2926 619 3017 gestet
637 2912 719 2993 srsoo
738 2939 806 2993 non
824 2940 903 2994 aere
921 2914 1044 2993 soluto.

296 3075 424 3154 Tantae
442 3075 540 3154 molis
559 3087 631 3153 erat
648 3087 781 3178 gentem
796 3075 953 3179 jugulare
971 3074 1139 3152 caninam.

296 3393 445 3473 Annales
463 3406 650 3473 memorant
667 3394 798 3499 antiqui
817 3394 987 3473 horrentia
1004 3393 1122 3488 multa,

297 3555 461 3659 Quaeque
479 3555 654 3634 recordata
672 3554 859 3658 infringunt
877 3556 972 3635 oanis
989 3568 1087 3634 artua
1105 3578 1257 3658 semper:

233 3705 236 3711 ’
296 3716 357 3794 Illa
374 3714 520 3795 Neronis
538 3716 597 3820 qui
615 3715 769 3795 flammas
787 3717 950 3822 imposuit
967 3716 1046 3796 urbi

297 3877 437 3970 Ridens,
456 3890 490 3956 et
507 3876 596 3956 ferro
614 3890 756 3957 matrem
775 3876 941 3958 interfecit
958 3890 1078 3956 aeuto:

299 4038 447 4117 Horrida
465 4037 620 4118 Caesaris
639 4039 697 4118 illa
715 4039 836 4119 oaduei
857 4064 959 4143 quem
975 4038 1088 4118 insula
1106 4036 1209 4143 Capri

299 4197 486 4278 Abscondit
503 4213 651 4305 turpem,
671 4198 794 4305 Sejano
812 4225 917 4304 regna
933 4210 1079 4282 tenente.
