3136 5280
701 465 876 547 ...37-

260 646 412 716 lucranda
430 645 464 715 ds
482 644 612 715 bebidas
631 645 793 714 aleenlieas
811 663 863 714 era
881 663 936 712 um
954 643 1083 714 sordide
1102 645 1236 731 treguez,
1255 630 1315 732 per

260 757 325 823 isso
337 771 456 822 mesme
470 756 529 820 udo
543 753 619 820 iazia
633 752 746 822 damno
759 770 813 822 aes
826 769 983 821 armanens
997 751 1036 820 de
1049 752 1160 820 viuhos
1174 771 1191 820 e
1206 769 1314 838 aguar-

262 861 372 930 dentes
390 878 408 929 e
426 878 480 928 era
494 859 573 927 mais
590 859 772 927 innifeusivn
787 876 862 944 para
880 877 899 927 0
918 876 976 926 seu
994 858 1181 927 commercio
1197 859 1237 927 (10
1252 877 1314 945 000

260 985 315 1035 um
337 967 489 1035 heberrde
508 963 725 1051 arrependidn,
745 982 763 1033 e
782 964 912 1034 alistade
930 982 1020 1034 aomo
1041 965 1126 1034 socie
1145 965 1314 1034 demerito

260 1074 365 1141 n‘uma
384 1071 551 1140 sneiedade
571 1072 610 1139 de
628 1079 836 1157 temperanpa.

304 1181 331 1247 A
354 1197 476 1246 camara
495 1179 524 1246 ia
543 1178 635 1246 ieudo
655 1196 673 1246 ο
691 1178 807 1244 diario
825 1178 863 1245 de
880 1179 1034 1258 Notitiae,
1054 1195 1072 1247 e
1092 1181 1151 1246 nie
1169 1177 1265 1263 podia
1282 1178 1315 1263 ja

261 1285 349 1372 quasi
372 1285 544 1370 responden
567 1284 686 1369 3000113
709 1289 846 1352 terrente
868 1285 1054 1353 continuada
1075 1284 1115 1353 de
1136 1284 1315 1371 eloqueneia
1355 1355 1357 1362 χ

261 1391 464 1477 phileeyniea.
481 1390 716 1460 OWiibelieree
734 1391 793 1459 dos
811 1393 893 1469 edes,
911 1391 1051 1460 uVieter
1069 1394 1159 1477 Hugn
1178 1390 1236 1459 dos
1258 1408 1314 1476 pu
1353 1411 1356 1426 ·

261 1497 391 1582 dengus,
409 1515 428 1566 0
447 1497 584 1565 Huward
602 1497 660 1565 dos
678 1497 819 1577 mastins,
837 1515 856 1564 0
874 1496 1038 1565 Franeklin
1057 1496 1115 1565 dos
1133 1497 1274 1576 rafeires,
1294 1515 1314 1565 0

262 1604 379 1689 grande
395 1604 549 1689 esaripter
567 1621 628 1690 que
646 1621 698 1672 em
715 1604 802 1670 favor
820 1603 878 1672 dus
897 1607 967 1671 caes
985 1603 1076 1672 fiaera
1094 1604 1173 1670 mais
1192 1603 1233 1670 (10
1252 1621 1314 1689 000

262 1711 370 1778 ehem
389 1710 447 1778 dos
469 1710 601 1778 humens
623 1710 758 1778 inieiizes
780 1710 904 1778 iizeram
929 1711 1021 1779 tedes
1042 1710 1178 1795 aqueiies
1195 1709 1313 1794 philau-

261 1824 381 1901 trepes,
397 1816 506 1898 levam,
517 1817 558 1884 de
573 1815 700 1884 vencida
718 1834 735 1884 a
754 1835 884 1899 ceurapa
900 1817 959 1885 dos
976 1816 1056 1884 mais
1075 1816 1252 1883 intrataveis
1265 1834 1314 1883 ea·

260 1923 414 1990 maristas.
432 1925 473 1992 Os
488 1923 675 1990 vereadores
694 1923 810 1990 tiuham
829 1923 997 2005 eemepadn
1011 1925 1111 1990 Nerns
1129 1922 1313 1990 eDumieia·

260 2047 320 2096 uos
345 2047 363 2096 e
386 2031 551 2098 aeahavam
575 2030 653 2098 mais
678 2030 864 2098 affectuosos
888 2049 905 2099 e
929 2031 1063 2098 amaveis
1090 2028 1131 2097 dn
1155 2046 1216 2114 000
1240 2046 1314 2097 uma

262 2136 352 2204 dama
371 2138 412 2204 (10
431 2137 554 2222 trip-life
571 2153 642 2204 eom
660 2153 679 2205 0
698 2154 754 2204 seu
772 2137 942 2222 predileeto
961 2137 1044 2221 Kinp
1065 2135 1204 2204 enarres.

304 2246 365 2310 Era
378 2244 499 2328 preciso
515 2243 571 2310 dar
584 2263 601 2309 0
613 2262 691 2329 caup
705 2243 742 2310 de
755 2263 859 2328 prece.
873 2247 1068 2329 Deputeu·se
1081 2260 1135 2309 um
1150 2242 1314 2309 camarista

260 2368 335 2436 para
357 2349 443 2416 fallar
460 2350 477 2417 d
495 2354 653 2431 vereapde.
674 2352 699 2419 0
718 2351 833 2419 orader
851 2351 890 2418 da
908 2350 1093 2418 assembleia
1111 2366 1226 2435 passou
1248 2355 1313 2416 tres

262 2457 328 2525 dias
349 2476 367 2524 3
389 2457 522 2524 meditar
546 2474 563 2525 e
582 2464 773 2525 commentar
793 2476 828 2526 as
847 2461 974 2540 orapdes
994 2458 1034 2525 du
1053 2457 1160 2525 Cicero
1175 2475 1236 2541 pro
1254 2455 1313 2523 m·-

263 2565 329 2630 ione
353 2582 443 2649 apro
466 2564 690 2650 1100010000
712 2564 762 2632 lire
783 2564 925 2650 explieou
948 2571 1034 2632 entre
1057 2561 1250 2648 parenthesis
1273 2561 1313 2629 de

262 2671 395 2738 simunte
418 2688 471 2737 um
494 2671 608 2754 derige
629 2671 661 2755 ja
683 2670 789 2750 velhn;
813 2690 830 2740 e
851 2670 942 2738 atinal
965 2669 1110 2738 tomando
1130 2675 1221 2754 gusto
1243 2668 1313 2753 pela

262 2776 366 2861 lingua
391 2777 431 2845 de
449 2776 578 2861 Virgilio
604 2776 776 2845 decidiu-se
801 2795 819 2845 a
844 2784 974 2862 arengar
999 2794 1052 2844 aes
1081 2794 1154 2846 seus
1179 2774 1313 2859 collegas

260 2883 412 2969 n’aqueiia
428 2900 520 2968 graue
538 2900 555 2950 e
573 2900 724 2969 pomposa
742 2885 878 2966 1000010,
895 2902 912 2952 0
927 2884 1038 2969 depuis
1053 2883 1092 2951 de
1107 2889 1209 2949 tamar
1225 2881 1311 2949 venia

262 2990 303 3057 (10
322 2990 510 3073 presidente,
530 2991 624 3057 assim
643 3007 792 3073 00100000
810 3009 829 3059 0
849 3007 906 3058 seu
924 2991 1077 3058 discursu.

304 3098 488 3165 Vereatures
512 3097 610 3164 amici.
631 3098 796 3182 Nunquam
816 3097 964 3166 atrevitus
987 3115 1057 3164 sum
1078 3094 1118 3163 ad
1138 3094 1260 3180 parlare
1281 3093 1312 3161 in

260 3202 397 3288 publice,
413 3221 474 3269 una
489 3221 541 3270 nez
560 3213 699 3288 excepta,
716 3205 840 3291 quande
857 3190 907 3272 me
925 3203 1098 3289 presentari
1118 3203 1312 3271 3010010010-

255 3327 312 3377 res
329 3308 424 3377 bairri
446 3310 508 3377 mei
531 3310 562 3376 in
584 3311 725 3395 proxima
748 3311 904 3395 pretaerita
924 3310 1085 3389 electione,
1105 3310 1191 3395 quod
1213 3308 1312 3392 magis

261 3415 424 3483 acreditavi
448 3433 572 3500 semper
596 3416 626 3483 in
648 3418 801 3504 pataqnis‚
822 3435 917 3503 quam
938 3418 970 3485 in
994 3418 1144 3486 discursis
1167 3415 1207 3484 ad
1227 3433 1312 3483 enm-

260 3522 397 3606 prandes
412 3529 500 3591 untes
517 3523 791 3608 independentium
809 3525 1040 3593 aidadanerum.
1057 3526 1116 3592 Per
1134 3522 1233 3608 signal
1249 3540 1312 3608 que

173 3717 176 3721 V
261 3637 421 3713 compater
442 3647 533 3697 meus
551 3630 713 3698 barheirus
734 3631 773 3699 de
790 3650 847 3698 rua
867 3631 906 3698 de
915 3631 1047 3726 'Martim
1059 3632 1123 3700 Vaz
1141 3629 1219 3697 dixit
1240 3629 1311 3696 bas-

260 3735 429 3821 haquinus:
444 3753 493 3804 me
507 3736 620 3804 hahere
632 3738 786 3822 parietum
796 3739 910 3806 meiius
923 3755 1017 3824 quam
1029 3737 1175 3805 deminus
1186 3740 1312 3803 Braam·

261 3859 389 3926 campus
413 3842 582 3927 gericoncae
604 3844 785 3911 iazendariae
806 3844 998 3922 administer,
1019 3850 1051 3912 et
1072 3843 1311 3928 cumprimenta-

261 3956 312 4016 tus
329 3949 372 4015 fui
393 3949 423 4015 in
442 3950 502 4017 tine
515 3968 573 4035 per
587 3968 674 4018 meos
693 3968 877 4018 numerosus
893 3950 1009 4018 amices
1023 3951 1144 4036 (vemm
1159 3955 1208 4016 est
1224 3947 1310 4034 quod

261 4056 396 4123 honores
414 4056 491 4124 istes
509 4057 617 4141 pagani
635 4074 694 4141 ego
708 4075 779 4125 eum
796 4057 902 4141 lingua
914 4057 1008 4142 palmi
1029 4057 1058 4123 in
1079 4056 1204 4124 taberna
1221 4056 1312 4120 inan·

261 4162 309 4229 nis
323 4163 439 4241 Cattae,
455 4163 595 4249 singulos
613 4170 702 4232 votos
721 4163 850 4248 singuiis
869 4163 1002 4264 aopasiis
1019 4163 1138 4231 Cartaxi
1157 4169 1189 4230 et
1207 4162 1310 4245 siugu-
