3136 5280
730 445 906 525 „25-

293 626 437 731 Quoque
455 623 592 703 lerotior
610 622 699 703 nllus
715 648 886 729 nusquam
903 637 1053 731 tempore
1071 625 1116 704 ab
1133 625 1212 723 illo;

291 787 342 865 De
360 785 492 865 feritate
509 810 572 863 sua
589 783 720 889 aooepit
736 808 860 862 nomen
878 782 1009 863 celebre
1027 809 1129 865 aevo:

292 943 458 1027 Cerberos
475 970 496 1022 a
512 944 642 1046 graecis
659 943 759 1048 uulgo
777 942 942 1049 apellatus
960 944 1007 1022 ita
1024 958 1126 1040 extat,

293 1104 419 1184 Brutus
436 1102 583 1206 flagrans
599 1127 722 1209 nempe
739 1102 853 1182 lurore
870 1102 1030 1208 cupidine
1047 1102 1171 1183 carnis.

293 1423 400 1503 Fama
415 1423 542 1529 loquax
560 1424 712 1530 pervenit
726 1422 797 1528 jam
814 1422 968 1503 Plutonis
985 1423 1031 1504 ad
1048 1449 1169 1503 aures:
1280 1411 1284 1418 ’

292 1583 451 1664 Aiacem
469 1585 610 1663 monstri
629 1583 775 1688 ingluvie
792 1597 874 1662 tnnc
891 1609 1031 1690 corpore
1049 1584 1169 1690 pulsae
1190 1677 1192 1683 ,

292 1742 440 1823 Umbrae
459 1743 552 1822 ibant
569 1757 698 1838 tenues,
718 1742 967 1848 simulacraque
983 1743 1059 1823 luce
1077 1757 1273 1841 carentum;

293 1903 436 2008 Jamque
452 1902 588 1997 Minois
607 1915 681 1981 tum
697 1902 924 1981 Rhadamanti
943 1902 1084 1982 arbitria
1100 1918 1258 2009 poscunt.

295 2062 490 2171 (Quaesitor
507 2061 617 2141 Minos
635 2088 756 2141 umam
775 2074 896 2156 movet,
916 2061 972 2140 ille
990 2061 1148 2142 silentum

293 2222 481 2303 Concilium
499 2234 607 2317 vocat,
627 2221 712 2300 vitas
729 2234 763 2300 et
781 2221 921 2300 crimina
939 2222 1049 2318 discit,

292 2384 365 2465 Neo
381 2383 589 2478 muneribus,
609 2381 766 2488 precibus
782 2407 845 2462 nec
862 2383 1005 2464 flectitur
1021 2385 1134 2495 ullisl)

293 2544 355 2623 His
372 2569 409 2623 se
427 2543 581 2623 comitem
600 2541 704 2623 sociat
721 2543 828 2623 Fama
845 2544 981 2624 horrida
998 2544 1141 2626 dictans.

293 2862 391 2942 Pluto
410 2862 444 2941 in
462 2862 579 2942 vinclis
595 2875 668 2942 tum
686 2889 823 2944 servans
841 2864 956 2945 uxoris
974 2878 1157 2961 amantem,

292 3021 399 3101 Evehi
417 3021 460 3100 ab
478 3021 583 3127 Epiro
597 3021 696 3125 jussit
714 3022 830 3119 leram,
850 3037 887 3103 ut
905 3024 995 3103 invia
1012 3025 1164 3128 guardet,

292 3183 369 3263 Neu
386 3181 499 3260 furtim
516 3182 666 3262 Theseus
683 3209 720 3262 se
738 3209 774 3263 se
791 3184 918 3289 eripere
936 3185 1059 3264 audeat
1076 3211 1167 3265 orco.

293 3341 459 3422 Cerberus
476 3341 559 3421 baec
577 3340 694 3445 ingens
712 3343 834 3422 latratu
851 3368 955 3446 regna
972 3343 1103 3423 trifauci

292 3502 466 3595 Personat,
486 3501 626 3580 adverso
644 3501 809 3582 recubans
827 3503 982 3583 immanis
1000 3504 1036 3584 in
1053 3518 1161 3599 antro,

293 3664 456 3744 Personat
473 3663 634 3744 insomnis
652 3664 849 3744 lacrimosae
864 3664 989 3769 janitor
1006 3663 1180 3744 aulaei...

292 3826 445 3929 Tamque
462 3822 572 3902 voraci
589 3824 761 3928 praeditus
779 3823 891 3903 indole
909 3824 1029 3904 dicitur
1051 3824 1107 3903 ille

294 3985 410 4066 Tristis
427 3984 562 4079 Ianitor,
582 3995 619 4061 ut
636 3982 689 4062 vel
708 4008 823 4062 manes
842 3983 978 4063 devoret
996 3981 1089 4061 aceri

294 4145 434 4227 Alciden
452 4143 563 4225 vidisti
580 4143 709 4222 Thesea
726 4168 851 4246 ponere
868 4142 1008 4236 mundo,
