3136 5280
781 478 931 561 ..3g-

340 664 378 731 lis
391 662 492 749 postis
504 660 659 749 poscadae,
675 667 808 747 papante
821 678 884 741 mc,
900 666 935 729 ut
949 662 988 730 de
1002 662 1097 730 saluts
1110 667 1142 730 ot
1155 661 1306 731 azoitonis
1321 662 1399 731 nibil

341 769 467 854 dicam).

383 876 514 947 Veniam
527 882 600 962 pcto
615 890 633 942 a
650 875 740 943 vobis
758 875 784 943 si
802 890 897 943 ausus
916 891 988 942 sum
1006 874 1109 960 apvine
1122 874 1240 953 binum,
1256 873 1334 963 qnia
1351 890 1399 945 vc·

338 1000 410 1051 vana
423 982 455 1050 in
469 983 591 1051 lenvuca
605 981 792 1067 eloquentia
802 982 899 1049 timeo
913 998 952 1049 nc
967 981 1088 1049 asnciva
1101 980 1246 1068 quaedam
1257 986 1399 1051 transcat

338 1088 495 1158 barnoinus
512 1088 625 1173 linguae
643 1106 733 1166 meae,
753 1087 872 1156 divellis
891 1087 1004 1156 luctata
1025 1095 1060 1157 ut
1077 1085 1209 1156 canusini
1226 1087 1398 1175 compatris

338 1195 401 1264 mei
419 1194 628 1281 candongavii.
1441 1284 1444 1289 ·

383 1303 461 1370 Cum
480 1308 585 1369 autam
602 1299 642 1369 do
656 1300 813 1387 republica
829 1301 930 1387 agitur
948 1299 1148 1369 humanitatis
1162 1316 1292 1369 cansam
1308 1307 1397 1370 tomo

339 1406 499 1493 palabvam
516 1407 557 1475 ab
570 1406 782 1476 demovendos
795 1424 851 1476 vos
870 1425 887 1475 a
906 1423 1028 1475 summa
1046 1406 1208 1494 iniquitute
1225 1412 1259 1476 et
1275 1405 1398 1476 insanis

338 1528 411 1581 cnm
436 1529 492 1580 vos
517 1512 713 1581 delavminall
738 1515 812 1584 estis
837 1515 868 1581 in
893 1513 1023 1581 canibus
1049 1512 1240 1599 vagabundis
1264 1526 1397 1598 magnas

317 1620 510 1688 exomendo
529 1619 663 1698 sevitias,
684 1636 743 1705 epu
762 1620 875 1689 adsum
893 1619 1110 1705 podengovum
1129 1617 1275 1687 defensor
1292 1634 1331 1686 ac
1347 1623 1397 1687 tu·

337 1733 389 1793 ton
405 1726 522 1795 nolano
538 1742 599 1813 que
615 1743 710 1812 opere
724 1725 794 1810 juce
811 1724 1000 1811 indignatus.
1018 1726 1157 1811 Supplex
1171 1740 1268 1794 cnoro
1284 1740 1345 1795 vos
1360 1732 1398 1794 ut

338 1832 465 1901 saubam
488 1840 623 1902 vestram
646 1832 807 1900 dimittatis
830 1840 861 1901 el
884 1831 1042 1901 lembvctis
1065 1848 1121 1900 vos
1146 1831 1186 1900 dc
1208 1830 1272 1900 illis
1293 1830 1397 1900 versis

336 1938 508 2007 macbacasi
527 1938 608 2006 illius
631 1939 671 2007 dc
688 1940 803 2007 bronze
821 1939 874 2026 qui
898 1946 946 2007 est
969 1954 1061 2024 agona
1079 1954 1151 2007 cum
1172 1936 1307 2008 menimis
1325 1937 1396 2008 suis

337 2045 354 2111 a
373 2044 450 2113 noda
468 2044 500 2113 in
517 2044 607 2132 placa
623 2045 743 2114 blluizii
762 2045 921 2115 Camuoll:

535 2254 656 2318 Move-tc
670 2274 687 2317 a
702 2254 823 2338 piedade
838 2273 892 2318 sua
906 2275 921 2318 o
937 2254 1040 2318 minha

534 2351 600 2415 Pois
614 2364 641 2416 ta
654 2356 709 2416 nio
723 2371 805 2416 move
818 2373 835 2417 a
848 2354 935 2436 culpa
948 2371 1007 2435 que
1020 2355 1075 2416 uiso
1089 2352 1184 2416 tinba.

379 2577 461 2658 Quid
479 2576 614 2654 tentatis,
635 2576 786 2664 collegae?
805 2578 839 2647 θ’
857 2577 983 2646 miscvil
1004 2578 1078 2658 Quane
1097 2583 1179 2647 tanta
1198 2576 1330 2657 insania,
1349 2576 1396 2647 ci·

335 2687 409 2751 vesl
428 2687 670 2753 Mactata-canes
692 2691 775 2754 totos
793 2686 869 2754 nulli
887 2685 1064 2771 parcendo!
1084 2684 1160 2755 etsi
1179 2701 1272 2753 canes
1290 2701 1394 2753 cama·

334 2808 402 2859 ram
420 2809 509 2860 suam
531 2792 748 2877 municipalem
768 2792 917 2877 gallavvos
938 2810 999 2878 quc
1017 2791 1199 2860 habuissent
1216 2790 1393 2877 gustabatis

335 2914 402 2975 vos,
423 2897 560 2983 inquam,
581 2897 665 2984 quod
688 2899 790 2967 calcivi
815 2898 969 2967 immunes
989 2898 1134 2967 iecissent
1151 2903 1314 2983 posluvam
1332 2913 1395 2982 pen

336 3002 409 3072 dane
425 3004 535 3072 cabum
552 3004 592 3073 dc
607 3005 705 3082 vobis,
722 3005 775 3090 qui
789 3006 865 3073 estis
881 3007 914 3074 ls
929 3021 1017 3073 venes
1035 3003 1201 3073 turbulenti
1216 3010 1248 3073 et
1262 3004 1393 3073 latratu·

334 3113 410 3179 res‘l
428 3111 487 3205 Qui
505 3118 610 3197 potest
628 3111 732 3180 dicere
750 3113 787 3179 de
805 3113 867 3178 istc
886 3130 973 3198 apuu
991 3131 1053 3178 non
1072 3111 1199 3178 bibula?

378 3218 436 3298 Qui
460 3219 518 3286 scit
541 3219 565 3285 si
585 3236 653 3286 cvas
672 3219 757 3286 evitis
776 3235 879 3298 canes,
900 3237 972 3287 cum
990 3224 1133 3304 tempora
1152 3218 1214 3286 sint
1232 3216 1338 3286 nubila
1357 3223 1394 3286 et

333 3325 512 3410 tvapalbatae
535 3331 626 3394 tautae
648 3325 742 3394 hodie
766 3326 827 3394 sint
849 3327 880 3394 in
903 3325 1032 3403 mundo,
1053 3332 1089 3394 ut
1110 3325 1266 3410 ningunus
1286 3324 1393 3411 possit

335 3431 437 3500 cliceve
460 3432 485 3499 si
509 3431 635 3500 babebit
658 3433 809 3500 manbana
827 3433 858 3500 in
876 3449 1010 3518 pascnan
1035 3449 1092 3500 suo
1110 3431 1267 3500 colleivam
1289 3431 1390 3511 canis,

334 3543 387 3605 aut
409 3537 440 3604 in
458 3545 586 3623 pcctove
604 3539 812 3624 bugipangam
834 3539 1120 3608 commendatoris?
1137 3541 1177 3606 Et
1199 3537 1224 3606 si
1246 3536 1276 3605 in
1295 3555 1391 3607 canes

333 3644 1391 3732 motamovpbcscatiestis(monopitbagovicolquidasperatislnnc‘l

333 3752 503 3837 conquetas
522 3754 635 3830 Multae,
657 3760 709 3820 aut
727 3754 817 3821 bolos
836 3754 1024 3839 stvycbinae‘l

377 3857 476 3926 llodie
493 3875 551 3945 per
569 3876 637 3937 vos,
656 3859 807 3927 manbana
826 3878 884 3946 pen
905 3879 974 3939 nos,
994 3866 1029 3927 ut
1051 3866 1134 3928 vesal
1153 3857 1306 3928 cellanus.
1326 3859 1390 3927 lla·

333 3982 394 4050 que
412 3971 512 4034 estote
530 3965 700 4051 prudentes
720 3973 751 4035 et
768 3967 879 4052 pacati.
900 3968 965 4052 Ego
984 3984 1056 4035 cum
1077 3965 1237 4035 teudonius
1256 3963 1390 4033 fuissem

332 4071 364 4137 in
382 4088 525 4158 pequcno
545 4079 614 4141 ante
633 4074 836 4142 elevationem
859 4091 960 4142 vocam
980 4073 1019 4142 ad
1038 4073 1173 4142 edilitios
1195 4072 1332 4141 bonores
1353 4076 1389 4141 et

333 4179 546 4263 cognovissem
565 4180 765 4265 proverbium
788 4179 875 4260 illud,
896 4181 981 4267 quod
1000 4180 1078 4248 divit
1097 4179 1230 4248 lusitano
1247 4196 1389 4247 -muta
