3136 5280
732 445 907 527 -32..

295 624 416 706 Vibrat
433 623 576 705 fulmina
593 636 675 704 tuno
691 622 809 703 Pater:
829 649 908 728 ergo
926 623 1059 704 vindice
1075 624 1213 704 damma

294 786 334 866 ln
353 785 539 881 dominum,
558 784 746 889 dignosque
765 783 882 864 evertit
900 796 987 863 tecta
1004 796 1153 890 penates.

264 938 266 947 ’
294 946 436 1054 Jamque
454 947 590 1053 Lycaon
607 944 764 1051 fithrpus
782 971 891 1053 aeque
909 946 1069 1052 cupidine
1087 947 1219 1028 eaedisi

294 1107 345 1186 De
361 1105 471 1186 bucca
487 1104 579 1184 illius
597 1118 753 1184 excurrat
770 1119 842 1185 tum
860 1106 972 1185 toxica
990 1105 1139 1212 lympha,

295 1263 406 1356 Quam
423 1287 522 1358 rapae
540 1261 744 1342 transmittat
761 1278 901 1368 pestem,
922 1264 1012 1343 unde
1029 1264 1281 1371 hydrophobia,

293 1420 444 1514 Mandat,
464 1420 591 1500 diluvio
608 1434 785 1527 totumque
803 1423 1001 1525 immergere
1019 1422 1204 1502 mundum!

297 1822 327 1902 0
344 1820 456 1914 Pater,
476 1847 496 1899 o
513 1821 700 1915 hominum,
720 1820 905 1925 divumque
923 1835 1060 1901 aeterna
1077 1821 1243 1916 Potestas,

295 1981 370 2061 Iam
387 1995 421 2061 te
439 1981 488 2060 sie
505 1981 681 2060 hominum
698 1979 849 2086 pedeti?
866 1980 964 2060 Unde
982 1980 1066 2061 illud
1083 1982 1185 2076 venit,
1205 1994 1239 2060 et
1259 2008 1351 2086 quo:

302 2142 370 2222 «Os
387 2140 516 2220 homini
536 2140 682 2220 sublime
699 2139 804 2234 dedit,
824 2140 1024 2245 caelumque
1041 2142 1140 2220 tueri.

302 2301 439 2396 «Iussit,
458 2314 491 2381 et
509 2312 637 2380 erectos
654 2298 698 2379 ad
716 2299 829 2379 sidera
845 2300 961 2379 tollere
979 2301 1138 2381 vultusi»

295 2462 389 2543 Num
407 2459 501 2541 canis
518 2473 551 2540 et
568 2459 633 2538 sihi
651 2484 793 2539 munera
809 2459 891 2538 talia
908 2459 1056 2539 vindieat
1073 2459 1232 2540 audardi

296 2620 465 2701 Pernicies
482 2632 556 2700 tum
574 2644 633 2698 our
651 2619 695 2699 ab
714 2645 754 2699 eo
774 2619 971 2700 mortalibus
990 2621 1117 2700 instat?

164 2875 167 2884 ¹
297 2783 349 2862 Da
366 2781 500 2862 veniam
518 2781 663 2876 miseris,
682 2781 795 2876 Pater,
815 2796 847 2862 et
861 2782 933 2887 jam
951 2781 1014 2860 hos
1030 2780 1138 2860 libera
1155 2793 1269 2887 peste:

296 2942 502 3024 Laudabunt
519 2955 553 3022 te
569 2956 688 3021 omnes
705 2955 820 3047 gentes
838 2942 883 3022 ad
901 2956 1062 3049 tympana
1079 2941 1216 3045 gaitisii

300 3339 352 3419 Oh
371 3337 446 3432 vile,
465 3351 498 3417 et
516 3363 659 3444 pravum
677 3339 828 3444 undique
846 3352 895 3433 tu,
914 3365 1020 3442 genos
1038 3341 1073 3418 in
1092 3341 1181 3420 mala
1198 3356 1328 3438 natum,

300 3498 396 3592 Quae
412 3497 619 3593 excelientia,
639 3525 727 3604 quae
745 3500 951 3606 praestantia
969 3526 1110 3581 munera
1128 3502 1246 3581 iertis‘?

301 3659 395 3752 Quae
412 3659 487 3753 tibi,
507 3684 595 3764 quae
613 3660 683 3754 tali,
703 3659 842 3739 reddam
861 3687 923 3766 pro
942 3688 1082 3742 munere
1100 3662 1231 3742 donat.
1243 3726 1269 3741 ..

299 3819 349 3898 lte
366 3817 514 3898 canalia!
536 3845 622 3925 qnos
639 3845 700 3924 ego
711 3883 718 3897 .
730 3882 756 3898 ..
778 3846 869 3901 nono
887 3823 1005 3903 aedilis
1023 3849 1067 3902 an
1086 3823 1270 3903 essemi...

301 3980 385 4074 Nee,
404 3980 433 4061 si
451 3981 551 4062 dirus
568 3981 715 4062 Thomas
733 3994 897 4077 aeeurrat,
917 3984 976 4064 tibi
994 4010 1143 4089 paream.
