3136 5280
698 467 874 548 ...27-

260 648 424 729 Taenario
442 659 539 726 antro
559 645 640 725 dum
658 658 734 751 post
752 672 789 726 se
808 645 908 725 traxit
925 671 1025 749 grave
1042 658 1241 726 monstrum.

258 809 347 889 Ecce
365 808 478 902 deum,
498 831 600 912 quem
618 817 655 885 tu
673 803 779 908 finges
796 805 841 885 ad
859 804 1008 884 carmina
1025 803 1158 884 miteml
1169 866 1177 882 .
1190 867 1217 884 ..

259 1128 296 1210 Si
314 1127 519 1248 pudor-ergo
538 1125 692 1204 lucinhos
706 1124 778 1229 jam
795 1150 877 1203 num
895 1124 1076 1203 ascendere
1094 1136 1263 1229 posset...

259 1287 328 1370 Sed
339 1287 501 1392 quidnam
512 1298 562 1364 est
574 1285 684 1391 pudor
697 1285 732 1362 in
744 1284 865 1364 canet.
876 1345 883 1361 .
894 1345 901 1361 .
913 1283 966 1361 Tu
977 1308 1040 1362 nec
1054 1283 1192 1362 consilio
1203 1284 1312 1364 audis.

260 1449 300 1528 In
317 1473 524 1554 quamquam
544 1447 664 1526 faciem
681 1459 714 1525 te
733 1458 871 1541 vertam,
891 1471 953 1551 pro
971 1445 1064 1526 canis
1082 1446 1207 1540 audax,

260 1608 439 1713 Nusquam
456 1605 572 1712 gloria,
592 1619 665 1686 tum
682 1606 729 1685 nil
747 1604 872 1699 nobile,
891 1630 960 1684 non
977 1606 1087 1711 pudor
1105 1605 1212 1685 ullusl

260 1929 360 2010 Nunc
378 1928 512 2009 caelesti
531 1928 573 2008 de
591 1952 673 2007 cane
688 1929 759 2032 jam
778 1927 941 2008 disserere
959 1953 1085 2032 quaero

261 2090 393 2168 Paucis.
414 2087 520 2168 Sirius
539 2101 667 2166 astrum
685 2086 816 2190 fulgens
833 2087 868 2165 in
887 2085 981 2165 canis
999 2111 1068 2180 ore,

261 2249 301 2329 In
318 2274 436 2352 graeco
457 2272 612 2328 sermone
632 2247 725 2326 audit
742 2246 890 2325 -sicco
910 2272 984 2341 uro,
1005 2269 1142 2351 quoque
1161 2245 1316 2340 ardo,-

262 2410 358 2490 Unde
376 2409 460 2488 hoc:
479 2421 551 2487 tum
570 2408 699 2487 sterdes
715 2432 856 2486 exurere
874 2405 981 2488 Sirius
999 2432 1114 2510 agros;

262 2568 413 2648 Arebant
429 2566 565 2663 herbae,
585 2579 618 2645 et
636 2567 760 2646 victum
779 2591 872 2669 seges
890 2591 991 2668 aegra
1008 2565 1169 2669 negabat3

263 2729 337 2808 Jam
354 2729 493 2835 rapidus
510 2742 640 2808 torrens
658 2728 806 2807 sitientes
823 2727 929 2808 Sirius
946 2727 1048 2808 Indos

262 2887 422 2966 Ardebat.
442 2886 498 2967 Sic
506 2887 665 2992 Virgilius
684 2913 752 2967 non
770 2886 875 2966 lutilis
894 2900 1021 2968 auctor.

263 3051 310 3131 Te
327 3050 496 3154 flagrantis
514 3062 611 3128 atrox
629 3050 713 3128 hora
732 3047 902 3127 caniculae

263 3210 378 3289 Nescit
395 3222 541 3312 tangere.
562 3208 721 3287 Horatius
739 3208 873 3287 effluvio
892 3207 1022 3312 absque
1040 3206 1170 3285 lalerni.

263 3368 484 3447 intractabilis
501 3367 610 3446 Aulus
629 3367 671 3446 de
690 3394 771 3448 cane
789 3368 870 3445 talia
887 3367 993 3446 ridet:

270 3530 459 3608 ‹Damnosa
478 3528 629 3608 canicula
648 3541 811 3634 quantum
829 3527 971 3606 roderet.

263 3847 371 3926 Pestis
388 3846 537 3928 Athenas
555 3846 641 3927 heul
662 3847 902 3953 quondamque
919 3845 1124 3926 misserrima
1141 3842 1318 3925 vastansl?

263 4008 335 4087 Nec
353 4008 485 4112 requies
504 4020 574 4086 erat
592 4008 662 4086 ulla
678 4008 770 4100 mali,
791 4007 921 4087 delesse
936 4007 1094 4112 jacebant

233 4265 236 4271 ,
265 4167 414 4275 Corpora
433 4167 623 4276 (mussabat
641 4170 741 4249 tacito
759 4168 925 4249 Medicina
942 4166 1093 4274 timore);
