3136 5280
701 449 876 531 ...15-

262 627 327 706 Hio
345 625 530 706 fabricatur
547 624 643 706 tabes
661 625 719 706 illa
736 640 854 707 vooata
871 654 1021 731 guauum

261 787 393 869 Saloios
411 799 560 893 propter.
579 788 675 866 Tune
693 814 751 868 ore
768 789 889 869 effatus
908 792 1059 872 amiens:
1106 859 1107 863 a
1157 870 1163 883 ,

263 947 335 1029 Oht
355 947 543 1027 fortunatos
560 948 706 1028 nimium
724 949 834 1028 suasi
852 950 943 1030 bona
960 951 1091 1032 norintl

261 1108 419 1215 Paupera
436 1108 466 1187 si
484 1107 557 1186 sola
573 1108 694 1211 guanis
712 1121 846 1189 toment
863 1111 1023 1191 uberiora

260 1266 415 1348 Nostris:
436 1281 469 1348 et
485 1268 638 1375 repleant
655 1269 758 1349 miliis
776 1271 934 1374 granaria
951 1271 1065 1351 fulvis,

260 1428 420 1534 Repollos
438 1454 629 1536 oouvesque
647 1430 792 1510 virentes
811 1430 957 1536 albaque
973 1458 1058 1538 rapa

261 1589 301 1666 In
317 1589 392 1691 loca
407 1615 530 1696 prauae
547 1602 681 1694 tragant
697 1604 736 1670 ut
753 1591 931 1672 vendenda
946 1592 1138 1696 Figueirae.

260 1749 381 1829 Delabi
398 1751 435 1829 in
453 1749 590 1857 fraudes
608 1752 691 1831 istas
708 1778 790 1855 gens
807 1753 934 1832 rustica
952 1778 1027 1832 sese

260 1909 401 2007 Deixat3
420 1936 483 1991 uos
501 1912 617 1992 miseri
634 1911 720 1992 heul
740 1912 878 1993 fraudes
896 1913 999 1993 caede
1017 1939 1194 2019 pagamus.

262 2231 458 2312 Formosam
475 2256 582 2338 propo
598 2230 753 2310 Palmam
771 2244 803 2311 et
820 2232 982 2336 grandem
1001 2232 1130 2312 oiroiter
1148 2232 1291 2329 Arnum,

261 2392 337 2486 Quo
355 2405 484 2472 veteres
502 2391 548 2472 ad
566 2391 673 2472 cultos
690 2393 806 2473 hortos
824 2393 875 2472 ire
892 2392 1057 2488 solebant,

259 2552 303 2630 Et
321 2552 440 2632 sedare
457 2553 559 2648 sitim,
579 2551 774 2659 [roseasque
791 2578 940 2633 oomesse
958 2552 1095 2648 solatas,

259 2711 432 2792 Sorvendo
451 2714 596 2819 eupasia,
616 2712 724 2794 duleis
742 2739 883 2792 munera
900 2713 1047 2810 Baoohi;

257 2873 340 2955 Post
356 2875 535 2954 redeuntes
552 2874 589 2952 in
606 2873 703 2953 sedes
717 2873 883 2953 uxoribus
901 2874 969 2953 iras
1065 2939 1067 2944 .

258 3035 303 3114 Ilt
321 3047 431 3114 oostas
449 3033 550 3114 simul
567 3046 641 3112 atra
658 3033 792 3114 oleastri
810 3061 967 3141 rumpere
985 3037 1100 3139 virga:

256 3194 320 3275 Est
337 3196 432 3275 loeus
444 3194 626 3274 umbrosus
644 3194 822 3300 laetusque
839 3195 943 3274 instar
961 3196 1108 3275 nemoris
1126 3220 1229 3301 quem

257 3353 418 3436 Errantes
435 3356 526 3435 omni
544 3355 748 3437 foecundant
765 3369 916 3463 tempore
934 3357 1014 3453 rivi;

257 3515 403 3596 Carmen
419 3517 480 3596 uhi
499 3530 596 3596 sonat
614 3518 747 3599 aestivis
765 3517 800 3596 in
818 3517 994 3597 mensibus
1011 3516 1097 3612 ales;

256 3678 491 3784 Luxuriatque
509 3679 677 3760 virescens
694 3679 797 3783 largis
815 3679 980 3759 lruotibus
998 3679 1113 3758 arbos.
1233 3748 1236 3750 ,

255 3835 363 3916 Multo
376 3837 513 3917 Moralis
530 3836 653 3919 Soares
671 3866 752 3918 rura
769 3865 962 3934 memorans,

256 3992 454 4104 Optansque
472 3999 508 4077 in
525 3999 662 4104 quintas
681 4000 797 4092 studii,
816 3998 1020 4103 granjasque
1038 3995 1186 4090 modelli,

256 4157 395 4240 Vertere
411 4161 638 4266 Bempostam,
657 4186 747 4266 quae
764 4185 867 4265 poma
883 4171 1017 4238 recusat
1034 4157 1158 4262 opima,
