3136 5280
732 483 907 561 ...12-

293 662 423 743 Caecus
440 674 556 741 cantor
572 659 724 753 Achillis,
744 660 842 766 eujus
861 661 903 739 de
921 659 1055 740 ossibus
1073 661 1153 739 olim

293 821 430 929 Septem
447 833 642 928 pugnarunt
659 819 762 899 urbes
781 822 963 900 certamine
980 847 1114 926 magno,

293 981 511 1062 Carminibus
527 981 667 1084 graecis,
687 1005 775 1085 quae
794 982 913 1060 vestris
931 981 1073 1061 auribus
1091 1007 1247 1087 unquam

295 1141 495 1246 Chegabunt
513 1139 652 1220 aedilesl
671 1139 800 1244 Argum
818 1153 930 1220 cantat
948 1141 1057 1221 Ulixei

294 1302 450 1382 Insidiosi
467 1301 587 1381 fraude
605 1301 789 1414 molossum
807 1301 867 1406 qui
886 1302 1061 1382 dominum
1079 1328 1170 1397 mor,
1291 1312 1293 1316 ’

294 1463 478 1543 Absentem
496 1462 619 1543 multos
636 1475 713 1568 post
730 1488 836 1542 annos
854 1462 994 1568 conjuge
1011 1476 1151 1558 maesta,

295 1622 459 1728 Cognovit
476 1622 596 1703 vetulis
615 1621 750 1702 famulis
767 1623 938 1729 plerisque
955 1624 1131 1729 priusque.
1165 1715 1168 1720 ¹

294 1783 461 1864 Mirantur
479 1782 573 1862 oanis
591 1773 758 1877 allectum
778 1783 943 1862 mirantur
961 1809 1109 1863 amorem

296 1943 421 2023 Omnes
440 1943 498 2049 qui
516 1942 757 2022 baoalanorum
776 1942 913 2023 eostalia
929 1942 1049 2022 nolunt

295 2103 366 2183 Aut
382 2103 451 2183 vini
470 2129 583 2210 oopus,
603 2103 729 2183 herbae
747 2104 923 2209 dulcisque
939 2104 1089 2209 liquores

296 2263 426 2343 Latona
443 2264 554 2367 genito
573 2277 605 2343 et
622 2263 757 2367 blandis
774 2263 945 2370 praeferre
962 2264 1155 2345 Camoenis.

294 2583 454 2678 Nomina,
464 2583 605 2688 Virgilio
623 2597 719 2679 teste,
739 2597 771 2663 et
790 2585 884 2664 oanis
902 2585 1027 2693 inclyta
1044 2586 1152 2666 multa

295 2743 400 2824 Sunta
418 2742 576 2852 Serpens,
596 2746 723 2826 latrans
741 2760 774 2825 et
791 2746 903 2854 Hylax
921 2747 957 2825 in
973 2747 1103 2843 limine3
1123 2746 1229 2827 Fuloo

295 2904 408 3009 Atque
422 2906 585 3010 Ragonio,
601 2921 633 2986 et
648 2907 860 3014 Harpalagus
877 2934 1026 3014 qnoque,
1041 2921 1074 2989 et
1089 2908 1214 3016 lohtya.
1230 2908 1274 2988 Et
1291 2909 1353 2988 illa

295 3066 374 3146 Non
391 3067 494 3146 oblita
512 3066 650 3147 catellae
667 3067 768 3148 Publi
786 3069 935 3148 earmina
951 3067 1042 3148 bella

295 3225 480 3306 Confestim
497 3227 723 3323 narrabimus
743 3241 876 3308 orantes
894 3230 1028 3309 veniam
1046 3230 1132 3310 istie.

459 3574 465 3583 Ι
501 3476 574 3555 lssa
592 3488 643 3556 est
660 3478 778 3583 purior
797 3478 912 3557 osoulo
931 3478 1118 3574 oolumbae,

501 3637 575 3716 lssa
593 3651 643 3717 est
660 3638 815 3719 blandior
834 3638 991 3719 omnibus
1009 3640 1141 3746 puellis

501 3797 574 3877 Issa
592 3811 641 3878 est
659 3800 791 3878 obarior
810 3799 932 3879 indicis
949 3800 1084 3907 lapillis.

295 4029 505 4125 Vestrorum,
526 4030 670 4110 aedilesl
690 4031 834 4136 insignia
852 4058 940 4137 quae
959 4034 1153 4112 oeeinerunt

296 4190 465 4272 Historiae
483 4206 541 4273 aut
560 4193 787 4288 celebrabunt,
808 4208 867 4275 aut
885 4195 1065 4301 quivisqne
1083 4196 1209 4301 poeta‘l
