3136 5280
726 443 900 522 ..15-

286 626 397 719 Quam
414 624 533 703 Palma
550 647 726 727 nunquam
744 621 871 700 invenit
889 620 1028 700 meliora
1046 619 1110 700 suh
1129 620 1229 716 urbe,

285 787 331 868 Ut
346 785 494 893 pecudes
511 784 659 877 timidas,
679 795 897 887 armentaque
916 780 1019 860 obesa
1038 794 1184 877 crearem

285 945 452 1025 Ardentes
470 958 508 1023 ut
527 969 632 1049 equos
650 942 808 1047 gregibus
825 942 975 1037 lanoaret
992 967 1178 1047 equarum3

284 1103 495 1207 Engordaret
513 1127 592 1182 oves
609 1101 772 1207 placidas,
792 1113 976 1204 taurosque
996 1100 1138 1193 lerooes;

284 1261 541 1368 Bombyoesque
560 1262 655 1339 daret
673 1260 800 1340 mundo
816 1259 886 1363 jam
905 1283 1045 1364 corpore
1063 1283 1175 1339 sanos.

284 1582 401 1689 Elysia
418 1581 463 1660 ad
481 1607 562 1659 rura
579 1581 636 1658 illa
654 1605 824 1682 exangues
841 1579 1008 1658 trahimur
1026 1603 1143 1657 omnes

287 1738 353 1830 Qui
371 1738 621 1817 manducarunt
637 1737 758 1831 hollos,
778 1739 957 1844 virosaque
976 1750 1090 1818 orusta

284 1899 363 1980 Non
381 1898 454 1978 oleo
472 1899 573 1978 viridi
591 1925 671 1979 mox
688 1899 824 2004 latoque
843 1925 901 1979 ore
919 1901 1105 1979 remittunt.

285 2058 341 2138 Ad
360 2061 567 2166 compranda
584 2060 750 2140 cadavera
766 2074 883 2139 nostra
900 2087 938 2139 as
957 2061 1081 2140 sufficit
1099 2086 1206 2155 unus;
1276 2095 1280 2102 ·

284 2222 528 2326 Pingadusque
547 2246 670 2299 eanum
687 2233 796 2323 gatus
816 2246 920 2325 quam
938 2221 1037 2300 vilior
1055 2222 1136 2316 ullo,

285 2383 445 2464 Carnifici
464 2396 592 2462 terrore
609 2407 735 2489 pavens
753 2394 881 2462 moesta
898 2381 1013 2487 elingit
1031 2396 1138 2462 antra.

285 2701 468 2805 Flagitium
485 2701 622 2781 foedum
640 2702 708 2781 illio
725 2701 832 2781 fatum
851 2703 996 2808 denique
1014 2702 1102 2782 ferre

285 2862 359 2943 Nos
374 2861 482 2966 jubet,
502 2876 535 2941 et
552 2861 697 2942 flammis
715 2877 867 2943 nostrum
886 2889 1083 2943 evanescere
1102 2889 1238 2971 eorpus.

288 3024 373 3116 Quis
391 3025 533 3103 miseros
552 3025 670 3128 aperit,
690 3038 722 3103 et
740 3025 871 3104 viscera
888 3027 968 3103 tirat
985 3024 1028 3104 ab
1050 3026 1130 3120 imo,

285 3184 469 3263 Pressuras
487 3183 605 3285 religat
623 3209 745 3288 spureo
764 3209 842 3263 oum
861 3184 1024 3287 sanguine
1042 3185 1178 3278 mixtas,

285 3342 469 3448 Molhaque
487 3341 581 3422 ferro,
594 3344 762 3449 triparum
779 3344 947 3451 pandurat
964 3359 1075 3424 acuto.

288 3502 373 3595 Quis
391 3503 511 3582 dextra
528 3504 698 3610 prendens
714 3503 852 3608 longum
869 3504 1134 3611 horribilemque
1152 3505 1318 3600 fanonem,

286 3663 420 3742 Matura
438 3677 476 3742 ut
494 3665 523 3742 si
543 3664 751 3769 deglubisset
768 3666 890 3771 pollioe
907 3691 1020 3773 poma,
1066 3663 1068 3666 ⁴

286 3820 445 3938 Extirpat
461 3848 584 3928 manga
602 3838 797 3928 arrogamta
815 3826 976 3906 aamibus
994 3852 1083 3906 ossa.

289 4138 446 4221 Caldeira
463 4144 500 4221 in
517 4144 628 4224 medio
646 4158 697 4224 est
715 4144 862 4226 fornacis
879 4147 1009 4227 torrida
1026 4145 1184 4240 flammis,
1323 4222 1325 4226 Α
