3136 5280
734 448 909 530 ..14-

294 634 368 713 Jem
386 641 563 712 revomunt
581 651 733 736 spumas,
752 627 859 708 oculis
877 627 979 706 micat
996 626 1133 708 acribus
1152 626 1262 732 ignis;
1401 706 1406 715 ,

293 794 337 873 Et
354 792 500 900 proboso
519 792 556 870 in
574 802 671 870 coetu
689 789 837 869 edictum
855 788 984 868 immite
1001 786 1146 868 ferentes
1273 805 1276 816 ·

293 952 474 1033 Infandum
491 951 721 1055 miserumque
735 949 856 1055 jubent
872 974 1035 1029 renovare
1053 949 1217 1046 dolorem,

293 1112 555 1216 Nocturnosquc
574 1134 673 1190 canes
692 1122 827 1216 captare
844 1109 1004 1214 indagine
1022 1111 1148 1191 cinctos

294 1273 339 1355 Ut
356 1299 441 1366 mos,
461 1286 494 1351 ct
511 1271 623 1352 dando
643 1271 708 1351 illis
726 1284 840 1351 crusta
856 1270 981 1351 infecta
998 1273 1139 1352 venenis

293 1433 350 1513 Ad
367 1433 514 1540 stygium
532 1433 670 1513 interitu
688 1432 801 1512 subito
819 1456 898 1511 mou
917 1430 1047 1512 mittere
1065 1431 1215 1512 fratrem.

293 1753 410 1857 Legati
429 1779 506 1833 ecce
524 1751 705 1857 espreitant
722 1765 866 1846 nostros,
886 1752 1017 1831 somnia
1033 1776 1122 1830 vana

294 1914 490 2020 Tranquille
508 1913 669 1993 iacientes
685 1924 723 1992 ut
741 1913 801 2018 qui
818 1912 914 1992 nulla
930 1912 1107 1992 timebant.

297 2073 431 2182 (Bellua
448 2074 486 2153 in
503 2087 599 2154 antro
618 2086 678 2169 est,
698 2086 732 2153 et
749 2099 818 2154 non
835 2098 910 2154 sese
928 2073 1043 2192 condit
1060 2073 1098 2153 in
1114 2072 1215 2182 urhe)

294 2235 412 2314 Festos
428 2247 509 2314 tunc
528 2234 666 2328 iaciunt,
685 2246 767 2312 tunc
784 2233 911 2340 pelum
928 2260 1064 2315 currere
1081 2235 1195 2342 palma

293 2397 475 2503 Incipiunt,
494 2408 576 2476 tunc
592 2419 675 2476 voce
692 2395 787 2475 suavi
806 2397 946 2476 nomina
964 2396 1123 2476 chamant

294 2556 426 2652 Dulcia,
445 2556 498 2636 vcl
515 2555 649 2636 animae
666 2555 777 2652 florea,
796 2556 962 2636 solamina
978 2569 1064 2651 tuta,

215 2779 218 2784 -
294 2717 359 2798 Vel
376 2717 585 2797 desiderium
601 2717 710 2824 pueri,
730 2717 960 2823 pulchraeque
977 2716 1122 2832 puellae.

295 2876 385 2957 Vani
404 2890 595 2958 escutantes
612 2904 653 2959 ea
670 2879 742 2960 sire
759 2880 827 2959 alia
844 2879 985 2959 horrida
1000 2876 1106 2957 verba

296 3035 384 3117 Cum
400 3036 490 3118 bollo
508 3050 650 3118 mortem
669 3038 705 3118 in
722 3038 815 3119 buno
833 3065 904 3118 una
920 3039 1092 3119 mettimus
1110 3039 1192 3118 acri.

297 3357 362 3435 Hic
379 3382 449 3436 non
466 3356 562 3437 ficat:
584 3383 684 3437 saeva
702 3358 822 3438 aedilis
840 3369 951 3437 mente
969 3358 1145 3439 revolvens

296 3516 379 3596 Vult
396 3517 515 3621 magis,
534 3529 637 3622 atquc
654 3519 762 3622 magis
779 3542 942 3625 praeceps
960 3519 1029 3622 agit
1046 3519 1162 3599 omnia
1179 3518 1298 3599 fatum.

155 3702 166 3724 ·
298 3676 447 3770 Quidam
465 3678 682 3784 consequitur
699 3679 752 3758 vir
769 3679 934 3783 gallorum
953 3692 1025 3760 ater
1043 3679 1086 3759 ab
1105 3679 1173 3758 illis

297 3837 511 3917 Horrendam
528 3839 622 3917 canis
642 3838 813 3946 (agricolis
830 3865 910 3918 nam
927 3840 1061 3920 tradere
1079 3853 1200 3920 cautus

296 3996 445 4078 Mundos
462 4011 495 4078 et
512 3998 636 4079 fundos
654 3999 834 4108 promittit)
855 4000 1097 4094 carnificinam,

298 4157 405 4237 Extra
422 4172 557 4266 portas:
576 4187 675 4241 nemo
694 4163 785 4242 intus
803 4164 988 4242 consentiat
1005 4159 1102 4241 urbe.
