3136 5280
698 476 873 556 ..39-

257 656 339 739 teiqa
358 673 406 720 em
423 655 520 720 nariz
538 655 575 721 de
594 658 697 722 εᾶο-
712 663 743 724 et
762 656 896 724 rationes
912 655 1093 723 habuissem
1111 655 1151 723 ad
1167 657 1310 726 carradas

257 761 297 829 ad
308 761 523 829 mostrandum
533 778 584 828 me
593 761 817 830 inexorabilem
828 766 935 829 eontra
944 762 1083 829 caninam
1095 780 1209 844 raeam,
1221 782 1310 831 num·

256 884 350 952 quam
368 877 472 935 temen
489 867 584 935 habui
602 868 702 936 males
720 868 833 953 figalos
852 874 884 936 el
902 869 1069 936 acredilavi
1089 886 1214 953 semper
1231 870 1309 938 illud

256 974 378 1042 celeber
392 974 510 1042 dietum
522 974 714 1040 animalibus
725 975 808 1040 male
821 976 927 1060 faeere
941 974 1093 1041 indicium
1107 986 1152 1042 est
1164 977 1245 1042 mali
1258 995 1309 1043 ea-

255 1081 400 1146 raeteris.
417 1078 508 1159 Quod
527 1079 631 1163 ipsum
647 1079 779 1149 affirmet
797 1079 978 1148 Aristoteles
997 1080 1027 1147 in
1046 1087 1175 1150 tractato
1195 1099 1253 1151 suo
1272 1083 1309 1150 de
1407 1089 1409 1093 ’
1489 1045 1492 1050 1

256 1186 387 1252 canibus
405 1185 639 1270 interficiendis,
651 1177 687 1254 et
704 1186 791 1254 Plelo
810 1187 841 1253 in
864 1188 985 1254 Timaeo
1003 1192 1035 1254 et
1052 1187 1256 1268 iustinianue
1270 1191 1305 1256 L.

256 1293 275 1357 3
290 1292 368 1359 Ced.
381 1295 429 1358 De
442 1292 490 1357 kls
509 1291 564 1376 qui
581 1292 773 1359 canieldlum
787 1303 919 1379 propter
936 1311 1054 1359 noceam
1071 1294 1197 1379 facium
1210 1301 1241 1362 et
1258 1294 1309 1362 lex

256 1397 398 1466 Cornelia
417 1397 454 1464 de
473 1398 630 1482 veneficiis
653 1409 681 1464 el
703 1399 830 1465 sicariis
849 1399 981 1484 passim.
1002 1401 1081 1467 Cum
1103 1399 1135 1466 in
1157 1400 1215 1484 leia
1238 1418 1308 1468 mea

256 1522 338 1590 saepe
360 1502 531 1588 intr0j0nes
549 1503 676 1589 quidam
693 1522 784 1571 cenes
806 1505 944 1573 lecerunt
961 1505 1088 1583 multoe
1108 1505 1307 1574 nihilominus

256 1612 287 1678 in
306 1628 396 1678 canes
414 1609 617 1695 implacabilis
640 1628 721 1678 sum.
742 1614 781 1678 El
799 1628 871 1678 cum
887 1611 1023 1677 Μανίας
1043 1612 1235 1679 lauticiarum
1253 1611 1308 1680 do-

257 1725 305 1785 cet
322 1717 413 1784 nobis
431 1717 618 1784 charitatem
635 1718 669 1782 in
685 1717 839 1783 animales
853 1717 1016 1802 proaeimos
1034 1729 1226 1804 remotosque
1244 1739 1307 1786 esse

255 1824 404 1890 virtulem
422 1823 659 1902 observandam,
680 1823 789 1891 demus
807 1822 935 1891 canibus
954 1823 1142 1908 eseapllem.

300 1931 331 1997 Si
349 1930 499 2015 pietatem
516 1948 579 1997 nen
596 1929 749 1998 habemus
766 1929 798 1995 in
813 1947 916 2007 eaneS,
933 1930 1003 2015 quis
1021 1929 1147 1999 habehit
1160 1931 1307 2015 pietatem

255 2037 287 2103 in
310 2036 412 2103 asinos
422 2038 481 2102 l...
502 2038 542 2103 Et
563 2036 653 2104 bonis
672 2036 934 2104 entendedoribus
956 2036 1060 2104 media
1077 2037 1202 2121 palabra
1222 2038 1306 2106 sulli-

256 2142 307 2221 eit‚
327 2148 362 2209 ut
380 2142 423 2210 ait
440 2141 548 2210 Cicero
566 2143 598 2209 in
616 2145 727 2210 Bruto.
748 2142 829 2209 Dixi.

913 2462 1038 2540 Lleulo
1056 2460 1197 2540 Coeno.
